<?xml version="1.0" encoding="UTF-8"?><collection xmlns="http://www.loc.gov/MARC21/slim"><record><leader>00359nam--2200133-i-4500</leader><controlfield tag="001">000008286</controlfield><controlfield tag="002">20161230</controlfield><controlfield tag="005">20161230201027</controlfield><controlfield tag="008">060222s1000------------r-----000-0-eng-d</controlfield><datafield ind1=" " ind2=" " tag="080"><subfield code="a">615.849:61:621.039.8</subfield></datafield><datafield ind1=" " ind2=" " tag="245"><subfield code="a">Atomic medicine. 4th edition</subfield></datafield><datafield ind1=" " ind2=" " tag="260"><subfield code="a">Baltimore, The Williams &amp; Wilkins Co, 1964. Xv + 766 P</subfield></datafield><datafield ind1=" " ind2=" " tag="700"><subfield code="a">Behrens, Charles F</subfield></datafield><datafield ind1=" " ind2=" " tag="852"><subfield code="a">27725</subfield></datafield></record></collection>